1900 3221
460 744 562 817 A.
661 739 1369 834 Cephalophora.

712 902 739 954 Ι.
811 901 1116 966 Gastropoda.

394 1027 434 1078 1.
505 1025 862 1091 Gastropoda
896 1024 1420 1079 Pectinibranchia.

668 1150 710 1180 a.
742 1137 1160 1180 Proboscidifera.

521 1281 561 1338 1.
602 1274 864 1338 Familia
903 1273 1207 1338 Muricid
1223 1291 1310 1336 ae·

287 1398 414 1439 Testa
443 1402 578 1447 ovata,
608 1396 831 1438 fusiforinis
862 1397 927 1437 vel
958 1396 1216 1447 claviformis,
1248 1395 1335 1437 basi
1365 1395 1554 1447 caudata,
1576 1396 1683 1437 vari-

147 1451 260 1494 cibus
288 1453 540 1505 regulariter
571 1452 778 1504 dispositis
805 1464 929 1504 saepe
957 1452 1138 1493 arcuatis
1175 1452 1240 1492 vel
1271 1451 1475 1493 frondosis
1507 1456 1682 1503 armata,

149 1508 262 1560 spira
290 1508 523 1559 turbinata3
555 1510 755 1558 apertura
785 1506 930 1548 subtus
960 1507 1001 1547 in
1032 1506 1217 1547 canalem
1255 1505 1465 1547 interdum
1501 1507 1686 1548 clausum

149 1562 353 1606 desinens.
411 1563 660 1615 Operculum
690 1574 897 1611 corneum,
928 1561 1210 1613 unguiforine,
1250 1562 1395 1602 nucleo
1434 1561 1583 1613 apicali
1621 1561 1687 1604 vel

149 1617 325 1660 laterali.

550 1707 580 1749 1.
613 1707 781 1749 Genus
811 1707 989 1750 Mur-ex
1015 1706 1283 1750 Lamarck.

288 1786 416 1827 Testa
443 1790 577 1837 ovata,
608 1785 785 1838 oblonga
802 1787 864 1827 vel
881 1786 1140 1837 claviformis,
1173 1785 1258 1827 basi
1288 1785 1580 1836 canaliculata,
1611 1785 1686 1827 tri-

150 1841 216 1883 vel
265 1841 519 1893 plurifariam
566 1841 772 1893 varicosa,
832 1841 1035 1883 varicibus
1084 1842 1176 1893 plus
1227 1841 1413 1882 minusve
1467 1840 1684 1892 continuis,

151 1895 436 1947 tuberculatis,
469 1895 642 1947 spinosis
662 1896 728 1937 vel
744 1895 965 1946 frondosis;
998 1901 1199 1949 apertura
1214 1894 1450 1946 rotundata,
1468 1895 1686 1937 columella

150 1951 268 1993 laevi.
342 1951 592 2002 Operculum
628 1962 844 2001 corneum,
883 1953 1028 1993 nucleo
1067 1951 1214 2003 apicali
1250 1951 1315 1992 vel
1355 1949 1580 2003 subapicali
1621 1951 1685 1992 vel

150 2005 404 2049 sublaterali.

294 2065 327 2104 1.
359 2060 755 2111 Murex(Murex
784 2073 815 2102 s.
847 2061 956 2114 str.)
980 2060 1264 2102 brandaris
1294 2058 1472 2101 Linne.
1529 2059 1574 2100 T.
1591 2059 1686 2101 sub-

153 2116 327 2166 clavata,
358 2116 470 2169 spira
498 2115 718 2166 mediocri,
754 2116 794 2157 in
833 2116 1005 2158 caudam
1045 2116 1298 2168 elongatam,
1337 2114 1498 2156 inferne
1535 2114 1686 2156 leviter

150 2183 367 2213 recurvam
407 2174 645 2221 attenuata,
689 2171 910 2212 sexfariam
949 2171 1151 2221 varicosa,
1195 2169 1400 2211 varicibus
1438 2169 1686 2220 rotundatis,

151 2227 379 2278 appressis,
424 2225 551 2278 spinis
587 2226 718 2267 acutis
763 2226 1044 2268 canaliculatis
1081 2226 1122 2266 in
1154 2225 1284 2267 series
1326 2224 1428 2266 duas
1466 2224 1685 2276 dispositis,

153 2281 260 2322 serie
289 2281 423 2322 infera
450 2280 660 2322 interdum
690 2280 853 2333 duplici,
884 2282 1077 2334 armatis,
1109 2281 1238 2322 cauda
1269 2280 1376 2321 serie
1395 2280 1521 2320 tertia
1549 2279 1685 2331 spina-

153 2347 246 2377 rum
276 2335 420 2377 cincta.
480 2335 595 2377 Anfr.
626 2338 650 2376 7
680 2336 877 2388 angulati,
908 2340 1054 2378 sutura
1078 2336 1273 2377 distincta
1303 2335 1354 2376 ad
1370 2334 1529 2376 varices
1557 2334 1686 2377 inter-

152 2394 276 2442 rupta
305 2389 486 2441 discreti,
516 2390 727 2442 spiraliter
754 2391 1183 2443 irregulariterlirati‚
1200 2389 1329 2432 cauda
1360 2390 1519 2441 apicem
1538 2402 1684 2431 versus

152 2444 272 2487 laevi.
331 2446 473 2496 Apert.
518 2450 652 2496 ovata,
697 2446 738 2486 in
782 2446 966 2487 canalem
1013 2458 1159 2498 parum
1204 2445 1429 2497 longiorem
1479 2444 1683 2495 desinens,

151 2499 268 2541 labro
301 2500 535 2550 crenulato,
574 2499 760 2541 faucibus
798 2500 1004 2551 laevibus,
1045 2501 1210 2541 lamella
1247 2499 1499 2541 columellari
1521 2499 1684 2550 soluta,

154 2567 329 2596 concave
358 2554 478 2595 valde
500 2559 650 2595 erecta.
710 2554 1054 2605 Albido-cinerea,
1077 2559 1273 2606 apertura
1290 2555 1535 2606 lutescente‚
1556 2554 1684 2596 inter-

152 2609 248 2651 dum
278 2609 411 2661 vivide
441 2609 641 2650 aurantia.
699 2609 825 2661 Long.
856 2610 908 2650 ad
937 2610 990 2651 90
1020 2610 1117 2651 Mm.

291 2664 438 2706 Variat
486 2663 613 2715 spinis
663 2662 942 2716 brevioribus,
994 2663 1418 2716 tuberculiformibus,
1473 2663 1683 2706 interdum

151 2718 313 2761 omnino
341 2717 639 2762 deficientibus,

245 2774 374 2810 Murex
398 2773 589 2809 brandaiis
616 2772 730 2808 Linne
759 2784 791 2818 p.
822 2774 923 2808 1214.
952 2795 994 2800 —
1022 2774 1201 2810 Lamarck
1228 2776 1259 2820 9,
1286 2786 1319 2819 p.
1348 2774 1427 2809 563.
1470 2794 1512 2798 --
1548 2774 1685 2810 Kiener

293 2822 340 2866 pl.
366 2822 399 2867 3,
426 2822 512 2867 Fig:
537 2823 566 2857 1.
598 2842 634 2846 -
666 2821 788 2857 Reeve
814 2833 865 2867 sp.
892 2823 948 2858 96.
977 2842 1018 2847 -
1045 2823 1156 2858 Mart.
1199 2822 1262 2858 Ch.
1305 2822 1347 2858 T.
1386 2823 1419 2866 8,
1461 2821 1545 2867 Fig.
1578 2821 1684 2859 1-4.

1382 2883 1401 2916 1
